<record><leader>00000cas a22000007a 4500</leader><controlfield tag="001">21052315</controlfield><controlfield tag="008">900212d19171944mouwr ne      0    0eng d</controlfield><datafield ind1=" " ind2=" " tag="010"><subfield code="a">sn 90061177 </subfield></datafield><datafield ind1=" " ind2=" " tag="040"><subfield code="a">MQN</subfield><subfield code="b">eng</subfield><subfield code="c">MQN</subfield><subfield code="d">NSD</subfield><subfield code="d">OCLCQ</subfield></datafield><datafield ind1=" " ind2=" " tag="042"><subfield code="a">msc</subfield></datafield><datafield ind1="0" ind2="0" tag="245"><subfield code="a">Southwest mail and the weekly post.</subfield></datafield><datafield ind1=" " ind2=" " tag="260"><subfield code="a">Nevada, Vernon County, Mo. :</subfield><subfield code="b">Southwest Print. Co.,</subfield><subfield code="c">-1944.</subfield></datafield><datafield ind1=" " ind2=" " tag="300"><subfield code="a">v.</subfield></datafield><datafield ind1=" " ind2=" " tag="310"><subfield code="a">Weekly</subfield></datafield><datafield ind1="1" ind2=" " tag="362"><subfield code="a">Began in 1917?</subfield></datafield><datafield ind1="0" ind2=" " tag="362"><subfield code="a">-v. 62, no. 31 (Jan. 28, 1944).</subfield></datafield><datafield ind1=" " ind2=" " tag="580"><subfield code="a">Daily eds.: Nevada daily mail and evening post, Nov. 1, 1917-Nov. 26, 1943; Nevada daily mail, Nov. 27, 1943-Jan. 28, 1944.</subfield></datafield><datafield ind1=" " ind2=" " tag="588"><subfield code="a">Description based on: Vol. 38, no. 49 (July 2, 1920).</subfield></datafield><datafield ind1=" " ind2=" " tag="752"><subfield code="a">United States</subfield><subfield code="b">Missouri</subfield><subfield code="c">Vernon</subfield><subfield code="d">Nevada.</subfield></datafield><datafield ind1="1" ind2=" " tag="775"><subfield code="t">Nevada daily mail and evening post</subfield><subfield code="w">(DLC)sn 86063643</subfield></datafield><datafield ind1="1" ind2=" " tag="775"><subfield code="t">Nevada daily mail (Nevada, Mo. : 1943)</subfield><subfield code="x">1056-3555</subfield><subfield code="w">(DLC)sn 90061174</subfield></datafield><datafield ind1="0" ind2="4" tag="780"><subfield code="t">Southwest mail</subfield><subfield code="w">(DLC)sn 90061176</subfield></datafield><datafield ind1="0" ind2="4" tag="780"><subfield code="t">Weekly post (Nevada, Mo.)</subfield><subfield code="w">(DLC)sn 90061175</subfield></datafield></record>